@article{宮澤,
    author = "宮澤 幸希，常世 徹，桝井 祐介，松尾 智信，菊池 英明",
    title = "音声対話システムにおける継続欲求の高いインタラクションの要因",
    journal = "電子情報通信学会論文誌",
    year = 2012,
    volume = "J-95-A",
    number = 1,
    pages = "27-36",
}

@article{統合モデル,
    author = "伊藤 大幸",
    title = "ユーモアの生起過程における論理的不適合および構造的適合の役割",
    journal= "認知科学",
    year = 2010,
    volume = 17,
    number = 2,
    pages = "297-312",
}

@article{ユーモア分類,
    author = "上野 行良",
    title = "ユーモア現象に関する諸研究とユーモアの分類化について",
    journal = "社会 心理学研究",
    year = 1992,
    volume = 7,
    number = 2,
    pages = "112–120",
}

@inproceedings{藤倉,
     author = {Fujikura, Shohei and Ogawa, Yoshito and Kikuchi, Hideaki},
     title = {Humor Utterance Generation for Non-task-oriented Dialogue Systems},
     booktitle = {Proceedings of the 3rd International Conference on Human-Agent Interaction},
     series = {HAI '15},
     year = {2015},
     pages = {171-173},
     publisher = {ACM},
}

@article{incongruity,
    author = "Goran Nerhardt",
    title = "Humor and inclination to laugh: emotional reactions to stimuli of different divergence from a range of expectancy",
    journal = "Scandinavian Journal of Psychology",
    year = 1970,
    volume = 11,
    number = 3,
    pages = "185–195"
}

@incollection{resolution,
    author = "Jerry M. Suls",
    title = "A two-stage model for the appreciation of jokes and cartoons: An information-processing analysis",
    booktitle = "The psychology of humor",
    pages = "81-100",
    publisher = "Academic Press Inc",
    year = 1972,
}

@incollection{superiority,
    author = "Patricia Keith-Spiegel",
    title = "Early Conceptions of Humor: Varieties and Issues",
    booktitle = "The psychology of humor",
    editor = "Jeffrey H. Goldtein and Paul E. Mcghee",
    pages = "4-34",
    publisher = "Academic Press Inc",
    year = 1972,
}

@incollection{arousal,
    author = "Daniel E. Berlyne",
    title = "Early Conceptions of Humor: Varieties and Issues",
    booktitle = "The psychology of humor", 
    editor = "Jeffrey H. Goldtein and Paul E. Mcghee",
    pages = "43-58",
    publisher = "Academic Press Inc",
    year = 1972,
}

@article{kao,
  author = {Kao, Justine T. and Levy, Roger and Goodman, Noah D.},
  journal = {Cognitive Science},
  title = {A Computational Model of Linguistic Humor in Puns},
  year = {2015}
}

@book{上野,
    author = "上野 行良",
    title = "ユーモアの心理学",
    publisher = "サイエンス社",
    year = 2003
}

@incollection{example_incongurity,
    author = "Jerry Suls",
    title = "Cognitive Processes in Humor Appreciation",
    booktitle = "Handbook of Humor Research",
    editor = "Jeffrey H. Goldtein and Paul E. Mcghee",
    pages = "39-57",
    publisher ="Springer-Verlag",
    year = 1983,
}

@article{佐藤,
    author = "佐藤 大幸",
    journal = "Cognitive Studies",
    year = 2007,
    volume = "14",
    number = "1",
    pages = "118-132",
    title = "ユーモア経験に至る認知的・情報的仮定に関する検討:不適合理論における2つのモデルの統合に向けて",
}

@article{Ruch,
    author = "Ruch, W. and Hehl, F",
    title = "Intolerance of ambiguity as a factor in the apprecia- tion of humour",
    year = 1983,
    journal = "Personality and Individual Differences",
    volume = 4,
    number = 5,
    pages = "443-449",
}


@article{NIC,
  author = {Vinyals, Oriol and Toshev, Alexander and Bengio, Samy and Erhan, Dumitru},
  journal = {CoRR},
  title = {Show and Tell: A Neural Image Caption Generator.},
  volume = {abs/1411.4555},
  year = 2014
}
